@thesis{reuter,
author = {Alexander Reuter},
title = {Einsatz und Weiterentwicklung eines Rollenfunktionsprüfstandes zur Untersuchung von Elektro-Rollern},
type = {Masterarbeit},
institution = {Hochschule für Technik und Wirtschaft Dresden},
year = {2011},
location = {Dresden},
}

@thesis{marksinkevich,
author = {Vjatscheslav Marksinkevich},
title = {Fahrwiderstandssimulation von Kleinelektrofahrzeugen (E-Roller) für Verbrauchsmessungen am Rollenleistungsprüfstand},
type = {Diplomarbeit},
institution = {Hochschule für Technik und Wirtschaft Dresden},
year = {2014},
location = {Dresden},
}

